<?xml version="1.0" encoding="UTF-8"?><record xmlns="http://www.loc.gov/MARC21/slim" xmlns:cinclude="http://apache.org/cocoon/include/1.0" xmlns:zs="http://www.loc.gov/zing/srw/">
  <leader>00771cz  a2200157n  4500</leader>
  <controlfield tag="001">n  00091976 </controlfield>
  <controlfield tag="003">DLC</controlfield>
  <controlfield tag="005">20160512075319.0</controlfield>
  <controlfield tag="008">000218n| azannaabn          |n aaa      </controlfield>
  <datafield tag="010" ind1=" " ind2=" ">
    <subfield code="a">n  00091976 </subfield>
  </datafield>
  <datafield tag="035" ind1=" " ind2=" ">
    <subfield code="a">(OCoLC)oca05159932</subfield>
  </datafield>
  <datafield tag="040" ind1=" " ind2=" ">
    <subfield code="a">DLC</subfield>
    <subfield code="b">eng</subfield>
    <subfield code="e">rda</subfield>
    <subfield code="c">DLC</subfield>
    <subfield code="d">DNLM</subfield>
  </datafield>
  <datafield tag="100" ind1="1" ind2=" ">
    <subfield code="a">Chiara, Magdalena</subfield>
  </datafield>
  <datafield tag="378" ind1=" " ind2=" ">
    <subfield code="q">Magdalena Graciela</subfield>
  </datafield>
  <datafield tag="670" ind1=" " ind2=" ">
    <subfield code="a">El papel del Fondo de Reparación Histórica del Conurbano Bonaerense en la reproducción de los sectores populares de de la región metropolitana de Buenos Aires, 1997:</subfield>
    <subfield code="b">t.p. (Chiara, Magdalena)</subfield>
  </datafield>
  <datafield tag="670" ind1=" " ind2=" ">
    <subfield code="a">Condiciones de vida, y control del embarazo en municipios de la Región Sanitaria V, Provincia de Buenos Aires, 2006:</subfield>
    <subfield code="b">title page verso (Magdalena Graciela Chiara (Investigadora del Instituto del Conurbano - UNGS))</subfield>
  </datafield>
</record>